@online{backen,
    author = "Helmchen Events",
    title = "Magazin in der Heeresb√§ckerei",
    url  = "https://www.magazin-heeresbaeckerei.de/en/",
    addendum = "(accessed: 22.02.2023)",
    keywords = "venue,magazine,kreuzberg,bakery"
}

@online{bbw,
    title = "Berlin Blockchain Week (2022)",
    url  = "https://blockchainweek.berlin/",
    addendum = "(accessed: 22.02.2023)",
    keywords = "berlin,events,dapps"
}

@online{dapp,
    author = "DAPPCON",
    title = "Dapp Developer Conference 2023",
    url  = "https://www.dappcon.io/",
    addendum = "(accessed: 22.02.2023)",
    keywords = "ethereum,gnosis,events,dapps"
}

@online{desci,
    author = "DeSci Berlin",
    title = "Decentralized Science Conference 2023",
    url  = "https://www.desci.berlin/",
    addendum = "(accessed: 22.02.2023)",
    keywords = "ethereum,molecule,events,dapps"
}

@online{dod,
    author = "Department of Decentralization",
    title = "About Us (ETHBerlin 2022)",
    url  = "https://ethberlin.ooo/decentralization/",
    addendum = "(accessed: 22.02.2023)",
    keywords = "ethereum,ethberlin,dod,decentralization"
}

@online{ethberlin,
    author = "ETHBerlin",
    title = "Hackathon, Workshops, Talks (2018)",
    url  = "https://ethberlin.com/",
    addendum = "(accessed: 22.02.2023)",
    keywords = "ethereum,ethberlin,dod,decentralization"
}

@online{font,
    author = "\LaTeX Font Catalogue",
    title = "Computer Modern",
    url  = "https://www.tug.org/FontCatalogue/computermodern/",
    addendum = "(accessed: 22.02.2023)",
    keywords = "latex,font,computer,modern"
}

@online{goerli,
    author = "Goerli Testnet Initiative",
    title = "GoerliCon \#0 (2019)",
    url  = "https://goerli.net/",
    addendum = "(accessed: 22.02.2023)",
    keywords = "goerli,event,testnet"
}

@online{xberg,
    author = "Visit Berlin",
    title = "Friedrichshain-Kreuzberg",
    url  = "https://www.visitberlin.de/en/bezirke/friedrichshain-kreuzberg",
    addendum = "(accessed: 22.02.2023)",
    keywords = "location,berlin,kreuzberg,places"
}
